<?xml version="1.0" encoding="utf-8"?>
<record xmlns="http://www.loc.gov/MARC21/slim" xmlns:xsi="http://www.w3.org/2001/XMLSchema-instance" xsi:schemaLocation="http://www.loc.gov/MARC21/slim http://www.loc.gov/standards/marcxml/schema/MARC21slim.xsd">
	<leader>     nam a22     Mi 4500</leader>
	<controlfield tag="001">1533536</controlfield>
	<controlfield tag="003">NjP</controlfield>
	<controlfield tag="006">m        d        </controlfield>
	<controlfield tag="007">cr cn |||m|||a</controlfield>
	<controlfield tag="008">190606s1961    iq a    o     000 0 ara d</controlfield>
	<datafield ind1="7" ind2=" " tag="024">
		<subfield code="a">princeton_aco002437</subfield>
		<subfield code="2">local</subfield>
	</datafield>
	<datafield ind1=" " ind2=" " tag="040">
		<subfield code="a">ZYU</subfield>
		<subfield code="b">ara</subfield>
		<subfield code="c">ZYU</subfield>
	</datafield>
	<datafield ind1=" " ind2=" " tag="043">
		<subfield code="a">a-iq---</subfield>
	</datafield>
	<datafield ind1="1" ind2=" " tag="110">
		<subfield code="a">Iraq.</subfield>
		<subfield code="b">Wizārat al-Nafṭ.</subfield>
		<subfield code="0">http://id.loc.gov/authorities/names/n50065574</subfield>
	</datafield>
	<datafield ind1="1" ind2="0" tag="245">
		<subfield code="a">Bayān Wizārat al-Nafṭ al-ṣādir bi-tārīkh 17 Tashrīn al-Awwal 1961 ʻan natījat al-mufāwaḍāt maʻa sharikāt al-nafṭ al-ʻāmilah fī al-ʻIrāq wa-al-niṣṣ al-kāmil li-maḥḍar al-ijtimāʻāt al-thalāthah allatī ʻuqidat fī maqar siyādat al-zaʻīm al-amīn ʻAbd al-Karīm Qāsim bi-tārīkh 28 Aylūl wa 8 wa 11 Tashrīn al-Awwal 1961 bayna al-jānib al-ʻIrāqī wa-wafd sharikāt al-nafṭ</subfield>
		<subfield code="h">[electronic resource].</subfield>
	</datafield>
	<datafield ind1=" " ind2=" " tag="260">
		<subfield code="a">[Baghdād :</subfield>
		<subfield code="b">s.n.,</subfield>
		<subfield code="c">1961]</subfield>
	</datafield>
	<datafield ind1=" " ind2=" " tag="300">
		<subfield code="a">online resource (48 p.) :</subfield>
		<subfield code="b">ill.</subfield>
	</datafield>
	<datafield ind1=" " ind2=" " tag="500">
		<subfield code="a">Part of the Arabic Collections Online (ACO) project, contributed by Princeton University Libraries.</subfield>
	</datafield>
	<datafield ind1=" " ind2=" " tag="533">
		<subfield code="a">Electronic reproduction.</subfield>
		<subfield code="b">New York, N.Y. :</subfield>
		<subfield code="c">New York University,</subfield>
		<subfield code="d">2019.</subfield>
		<subfield code="5">NNU</subfield>
	</datafield>
	<datafield ind1=" " ind2="0" tag="650">
		<subfield code="a">Petroleum industry and trade</subfield>
		<subfield code="z">Iraq.</subfield>
		<subfield code="0">http://id.loc.gov/authorities/subjects/sh2008109134</subfield>
	</datafield>
	<datafield ind1="2" ind2=" " tag="710">
		<subfield code="a">Princeton University.</subfield>
		<subfield code="b">Library.</subfield>
	</datafield>
	<datafield ind1="0" ind2=" " tag="730">
		<subfield code="a">Arabic Collections Online.</subfield>
	</datafield>
	<datafield ind1="0" ind2="8" tag="776">
		<subfield code="i">Print version:</subfield>
		<subfield code="a">Iraq. Wizārat al-Nafṭ. http://id.loc.gov/authorities/names/n50065574</subfield>
		<subfield code="t">Bayān Wizārat al-Nafṭ al-ṣādir bi-tārīkh 17 Tashrīn al-Awwal 1961 ʻan natījat al-mufāwaḍāt maʻa sharikāt al-nafṭ al-ʻāmilah fī al-ʻIrāq wa-al-niṣṣ al-kāmil li-maḥḍar al-ijtimāʻāt al-thalāthah allatī ʻuqidat fī maqar siyādat al-zaʻīm al-amīn ʻAbd al-Karīm Qāsim bi-tārīkh 28 Aylūl wa 8 wa 11 Tashrīn al-Awwal 1961 bayna al-jānib al-ʻIrāqī wa-wafd sharikāt al-nafṭ</subfield>
		<subfield code="w">(NjP)1533536</subfield>
		<subfield code="w">(DLC)   67001497 </subfield>
	</datafield>
	<datafield ind1="4" ind2="0" tag="856">
		<subfield code="u">http://hdl.handle.net/2333.1/fn2z3ddq</subfield>
	</datafield>
	<datafield ind1=" " ind2=" " tag="948">
		<subfield code="a">jab/con</subfield>
	</datafield>
	<datafield ind1=" " ind2=" " tag="911">
		<subfield code="a">19980227</subfield>
	</datafield>
	<datafield ind1=" " ind2=" " tag="912">
		<subfield code="a">20000405033713.0</subfield>
	</datafield>
	<datafield ind1=" " ind2=" " tag="959">
		<subfield code="a">2000-06-13 00:00:00 -0400</subfield>
	</datafield>
	<datafield ind1=" " ind2=" " tag="959">
		<subfield code="a">NNU</subfield>
		<subfield code="b">WEB</subfield>
		<subfield code="c">GENI</subfield>
		<subfield code="t">0</subfield>
		<subfield code="m">Electronic access</subfield>
		<subfield code="s">01</subfield>
	</datafield>
	<datafield ind1=" " ind2=" " tag="999">
		<subfield code="i">NjP_1533536</subfield>
		<subfield code="s">princeton_aco002437</subfield>
		<subfield code="e">(ERROR-880)(ERROR-MISC)</subfield>
	</datafield>
</record>
